@inproceedings{achichidoremus,
  title={{DOREMUS: Doing Reusable Musical Data}},
  author={Manel Achichi and Rodolphe Bailly and C{\'e}cile Cecconi and Marie Destandau and Konstantin Todorov and Rapha{\"e}l Troncy},
  booktitle={14$^{th}$ International Semantic Web Conference (ISWC)},
  year={2015}
}

@incollection{nogales2013exploring,
  title={{Exploring the Potential for Mapping Schema. org Microdata and the Web of Linked Data}},
  author={Alberto Nogales and Miguel-Angel Sicilia and Elena Garc{\'\i}a-Barriocanal and Salvador S{\'a}nchez-Alonso},
  booktitle={Metadata and Semantics Research},
  pages={266--276},
  year={2013},
  publisher={Springer}
}
@article{nogales2016linking,
  title={{Linking from Schema. org microdata to the Web of Linked Data: An empirical assessment}},
  author={Alberto Nogales and Miguel-Angel Sicilia and Salvador S{\'a}nchez-Alonso and Elena Garcia-Barriocanal},
  journal={Computer Standards \& Interfaces},
  volume={45},
  pages={90--99},
  year={2016},
  publisher={Elsevier}
}
@inproceedings{doerr2008frbroo,
  title={{FRBRoo, a conceptual model for performing arts}},
  author={Martin Doerr and Chryssoula Bekiari and Patrick LeBoeuf and Biblioth{\`e}que Nationale de France},
  booktitle={2008 Annual Conference of CIDOC, Athens (September 2008)},
  url={http://www. cidoc2008. gr/cidoc/Documents/papers/drfile},
  pages={06--18},
  year={2008}
}
@article{guha2015schema,
  title={{Schema. org: Evolution of Structured Data on the Web}},
  author={RV Guha and Dan Brickley and Steve MacBeth},
  journal={Queue},
  volume={13},
  number={9},
  pages={10},
  year={2015},
  publisher={ACM}
}
@book{godby2013relationship,
  title={{The Relationship between BIBFRAME and OCLCâ€™s Linked-Data Model of Bibliographic Description: A Working Paper}},
  author={Carol Jean Godby},
  year={2013},
  publisher={Dublin, Ohio: OCLC Research},
  url={http://www.oclc.org/content/dam/research/publications/library/2013/2013-05.pdf}
  
}
@inproceedings{mihindukulasooriya2015loupe,
  title={{Loupe-An Online Tool for Inspecting Datasets in the Linked Data Cloud}},
  author={Nandana Mihindukulasooriya and Mar{\i}a Poveda-Villal{\'o}n and Ra{\'u}l  Garc{\i}a-Castro and Asunci{\'o}n G{\'o}mez-P{\'e}rez},
  booktitle={14th International Semantic Web Conference (ISWC), Posters \& Demonstrations Track},
  year={2015}
}