@inproceedings{scharffe2012enabling,
  author={Scharffe, F. and Atemezing, G. and Troncy, R. and Gandon, F. and Villata, S. and others},
  title={{Enabling linked data publication with the Datalift platform}},
  booktitle={AAAI Semantic Cities WS},
  year={2012}
}

@inproceedings{xml2rdf1,
  author={Van Deursen, Davy and Poppe, Chris and Martens, G{\"a}etan and Mannens, Erik and Walle, R},
  title={{XML to RDF conversion: a generic approach}},
  booktitle={IEEE AXMEDIS},
  pages={138--144},
  year={2008},
}

@incollection{todorov,
  author={Todorov, Konstantin and Hudelot, Celin{\'e} and Geibel, Peter},
  title={{Fuzzy and Cross-Lingual Ontology Matching Mediated by Background Knowledge}},
  booktitle={Uncertainty Reasoning for the Semantic Web III},
  pages={142--162},
  year={2014},
  publisher={Springer}
}
