@inproceedings{achichidoremus,
  title={{DOREMUS: Doing Reusable Musical Data}},
  author={Manel Achichi and Rodolphe Bailly and C{\'e}cile Cecconi and Marie Destandau and Konstantin Todorov and Rapha{\"e}l Troncy},
  booktitle={14$^{th}$ International Semantic Web Conference (ISWC)},
  year={2015}
}

@inproceedings{lisena2016exploring,
  title={{Exploring Linked Classical Music Catalogs with OVERTURE}},
  author={Pasquale Lisena and Manel Achichi and Eva Fernandez and Konstantin Todorov and Rapha{\"e}l Troncy},
  booktitle={15$^{th}$ International Semantic Web Conference (ISWC)},
  year={2016}
}

@inproceedings{choffe2016doremus,
  title={{DOREMUS: Connecting Sources, Enriching Catalogues and User Experience}},
  author={Pierre Choff{\'e} and Fran{\c{c}}oise Leresche},
  booktitle={IFLA World Library and Information Congress (WLIC)},
  year={2016}
}

@article{byrne2010strongest,
  title={{The strongest link: Libraries and linked data}},
  author={Gillian Byrne and Lisa Goddard},
  journal={D-Lib magazine},
  volume={16},
  number={11},
  pages={5},
  year={2010},
  publisher={Corporation for National Research Initiatives}
}

@inproceedings{raimond2007music,
  title={{The Music Ontology}},
  author={Yves Raimond and {Samer A.} Abdallah and {Mark B.} Sandler and Frederick Giasson},
  booktitle={15$^{th}$ International Conference on Music Information Retrieval (ISMIR)},
  volume={422},
  year={2007},
}

@inproceedings{doerr2008frbroo,
  title={{FRBRoo: a conceptual model for performing arts}},
  author={Martin Doerr and Chryssoula Bekiari and Patrick LeBoeuf},
  booktitle={CIDOC Annual Conference},
  pages={6--18},
  year={2008}
}

@inproceedings{song2009music,
  title={{Music ontology for mood and situation reasoning to support music retrieval and recommendation}},
  author={Seheon Song and Minkoo Kim and Seungmin Rho and Eenjun Hwang},
  booktitle={3$^{rd}$ International Conference on Digital Society (ICDS)},
  pages={304--309},
  year={2009}
}

@article{greenberg2013datos,
  title={{datos.bne.es and MARiMbA: an insight into library linked data}},
  author={{Eva Mendez Rodriguez} Greenberg and Jane {Gema Bueno de la Fuente} and Daniel Vila-Suero and Asunci{\'o}n G{\'o}mez-P{\'e}rez},
  journal={Library hi tech},
  volume={31},
  number={4},
  pages={575--601},
  year={2013},
}

@inproceedings{scharffe2012enabling,
  title={{Enabling linked-data publication with the datalift platform}},
  author={Scharffe, Fran{\c{c}}ois and Atemezing, Ghislain and Troncy, Rapha{\"e}l and Gandon, Fabien and Villata, Serena and Bucher, B{\'e}n{\'e}dicte and Hamdi, Fay{\c{c}}al and Bihanic, Laurent and K{\'e}p{\'e}klian, Gabriel and Cotton, Franck and others},
  booktitle={AAAI workshop on semantic cities},
  year={2012}
}

@article{ostuni2015soundrec,
  author       = {{Vito Claudio} Ostuni and Sergio Oramas and Tommaso {Di Noia} and Xavier Serra and Eugenio {Di Sciascio}},
  title        = {{Sound and Music Recommendation with Knowledge Graphs}},
  journal      = {ACM Transactions on Intelligent Systems and Technology (TIST)},
  year         = {2016},
}

@phdthesis{celma2009music,
  title={{Music recommendation and discovery in the long tail}},
  author={{\`O}scar Celma},
  year={2009},
  school={Universitat Pompeu Fabra}
}

@inproceedings{van2013deep,
  title={{Deep content-based music recommendation}},
  author={Van den Oord, Aaron and Dieleman, Sander and Schrauwen, Benjamin},
  booktitle={27$^{th}$ Annual Conference on Neural Information Processing Systems (NIPS)},
  pages={2643--2651},
  year={2013}
}

@inproceedings{kaminskas2012knowledge,
  title=    {{Knowledge-based music retrieval for places of interest}},
  author=   {Marius Kaminskas and Ignacio Fern{\'a}ndez-Tob{\'\i}as and Francesco Ricci and  Iv{\'a}n Cantador},
  booktitle={2$^{nd}$ international ACM workshop on Music information retrieval with user-centered and multimodal strategies},
  pages=    {19--24},
  year=     {2012},
  organization={ACM}
}

@inproceedings{lisena2016mapping,
  title=    {{DOREMUS to Schema.org: Mapping a Complex Vocabulary to a Simpler One}},
  author=   {Pasquale Lisena and Rapha{\"e}l Troncy},
  booktitle={20$^{th}$ International Conference on Knowledge Engineering and Knowledge Management (EKAW) (submitted to)},
  year=     {2016},
  organization={Springer}
}