@inproceedings{xml2rdf1,
  title={XML to RDF conversion: a generic approach},
  author={Van Deursen, Davy and Poppe, Chris and Martens, G{\"a}etan and Mannens, Erik and Walle, R},
  booktitle={Automated solutions for Cross Media Content and Multi-channel Distribution, 2008. AXMEDIS'08. International Conference on},
  pages={138--144},
  year={2008},
  organization={IEEE}
}
@inproceedings{xml2rdf2,
  title={Transforming valid XML documents into RDF via RDF schema},
  author={Thuy, Pham Thi Thu and Lee, Young-Koo and Lee, Sungyoung and Jeong, Byeong-Soo},
  booktitle={Next Generation Web Services Practices, 2007. NWeSP 2007. Third International Conference on},
  pages={35--40},
  year={2007},
  organization={IEEE}
}
@article{xml2rdf3,
  title={Krextor--an extensible XML? RDF extraction framework},
  author={Lange, Christoph},
  journal={Scripting and Development for the Semantic Web (SFSW)},
  number={449},
  pages={38},
  year={2009}
}
@article{xml2rdf4,
  title={A standard transformation from XML to RDF via XSLT},
  author={Breitling, F},
  journal={Astronomische Nachrichten},
  volume={330},
  number={7},
  pages={755--760},
  year={2009},
  publisher={Wiley Online Library}
}
@incollection{todorov,
  title={Fuzzy and Cross-Lingual Ontology Matching Mediated by Background Knowledge},
  author={Todorov, Konstantin and Hudelot, Celin{\'e} and Geibel, Peter},
  booktitle={Uncertainty Reasoning for the Semantic Web III},
  pages={142--162},
  year={2014},
  publisher={Springer}
}