@incollection{villazon2011methodological,
  author={Villaz{\'o}n-Terrazas, Boris and Vilches-Bl{\'a}zquez, Luis M and Corcho, Oscar and G{\'o}mez-P{\'e}rez, Asunci{\'o}n},
  title={Methodological guidelines for publishing government linked data},
  booktitle={Linking government data},
  pages={27--49},
  year={2011},
  publisher={Springer}
}

@inproceedings{lisena2016exploring,
  author={Lisena, Pasquale and Achichi, Manel and Fern{\'a}ndez, Eva and Todorov, Konstantin and Troncy, Rapha{\"e}l},
  title={{Exploring Linked Classical Music Catalogs with OVERTURE}},
  booktitle={ISWC (Posters \& Demos)},
  year={2016}
}

@inproceedings{bellahsene2017yam++,
  author={Bellahsene, Zohra and Emonet, Vincent and Ngo, Duyhoa and Todorov, Konstantin},
  title={{YAM++ Online: A Web Platform for Ontology and Thesaurus Matching and Mapping Validation}},
  booktitle={ESWC, Demo Track},
  pages={137--142},
  year={2017}
}

@inproceedings{jentzsch2010silk,
  author={Jentzsch, Anja and Isele, Robert and Bizer, Christian},
  title={{Silk-generating RDF links while publishing or consuming linked data}},
  booktitle={ISWC},
  year={2010}
}

@inproceedings{ngomo2011limes,
  author    = {Axel{-}Cyrille Ngonga Ngomo and
               S{\"{o}}ren Auer},
  title     = {{LIMES - A Time-Efficient Approach for Large-Scale Link Discovery on the Web of Data}},
  booktitle = {IJCAI},
  pages     = {2312--2317},
  year      = {2011}
}

@inproceedings{achichi2017legato,
  title={{Legato: Results for OAEI 2017}},
  author={Achichi, Manel and Bellahsene, Zohra and Todorov, Konstantin},
  booktitle={Ontology Matching},
  year={2017}
}

@incollection{RokachM05a,
  author    = {Lior Rokach and
               Oded Maimon},
  title     = {Clustering Methods},
  booktitle = {The Data Mining and Knowledge Discovery Handbook},
  pages     = {321--352},
  year      = {2005},
  publisher = {Springer}
}

@inproceedings{SAKey,
	author = {Symeonidou, Danai and Armant, Vincent and Pernelle, Nathalie and Sa\"{\i}s, Fatiha},
	title = {{SAKey: Scalable Almost Key discovery in RDF data}},
	booktitle = {ISWC},
	year = {2014},
}

@inproceedings{achichiEST16,
  title={Automatic Key Selection for Data Linking},
  author={Achichi, Manel and Ben Ellefi, Mohamed and Symeonidou, Danai and Todorov, Konstantin},
  booktitle={EKAW},
  pages={3--18},
  year={2016},
}

@article{candela2017migration,
  title={Migration of a library catalogue into RDA linked open data},
  author={Candela, Gustavo and Escobar, Pilar and Carrasco, Rafael C and Marco-Such, Manuel},
  journal={Semantic Web},
  pages={1--11},
  year={2017},
}

@inproceedings{marden2013linked,
  title={Linked open data for cultural heritage: evolution of an information technology},
  author={Marden, Julia and Li-Madeo, Carolyn and Whysel, Noreen and Edelstein, Jeffrey},
  booktitle={ICDC},
  year={2013},
}

@article{dijkshoorn2014rijksmuseum,
  title={The Rijksmuseum collection as linked data},
  author={Dijkshoorn, Chris and Jongma, Lizzy and Aroyo, Lora and van Ossenbruggen, Jacco and Schreiber, Guus and ter Weele, Wesley and Wielemaker, Jan},
  journal={Semantic Web},
  pages={1--10},
  year={2014},
}

@inproceedings{choffe2016doremus,
  author =  {Pierre Choff{\'e} and Fran{\c{c}}oise Leresche},
  title =   {{DOREMUS: Connecting Sources, Enriching Catalogues and User Experience}},
  booktitle = {IFLA World Library and Information Congress},
  year =    {2016}
}

@inproceedings{doerr2008frbroo,
  title={{FRBRoo: a conceptual model for performing arts}},
  author={Martin Doerr and Chryssoula Bekiari and Patrick LeBoeuf},
  booktitle={CIDOC Annual Conference},
  pages={6--18},
  year={2008}
}

@inproceedings{node2vec-kdd2016,
author = {Grover, Aditya and Leskovec, Jure},
 title = {node2vec: Scalable Feature Learning for Networks},
 booktitle = {SIGKDD},
 year = {2016}
}

@inproceedings{lisena2017artistsimilarity,
  year =        {2017},
  title =       {Combining Music Specific Embeddings for Computing Artist Similarity},
  author =      {Lisena, Pasquale and  Troncy, Rapha{\"e}l},
  booktitle =   {ISMIR, Late-Breaking Demo Track}
}

@inproceedings{lisena2018vocabularies,
  year =        {2018},
  title =       {Controlled Vocabularies for Music Metadata},
  author =      {{L}isena, {P}asquale and  Konstantin Todorov and Cecile Cecconi and Francoise Leresche and Isabelle Canno and Frederic Puyrenier and Martine Voisin and Raphael Troncy},
  booktitle =   {ISMIR}
}


@inproceedings{lisena:iswc2017,
  author =		{Pasquale Lisena and Lorenzo Canale and Fabio Ellena and Rapha{\"e}l Troncy},
  title =		{{CityMus: Music Recommendation when Exploring a City}},
  booktitle =	{ISWC, Poster Track},
  year =		{2017}
}

@article{musicbrainz,
author={A. Swartz},
journal={IEEE Intelligent Systems},
title={MusicBrainz: a semantic Web service},
year={2002},
volume={17},
number={1},
pages={76-77}
}

@inproceedings{linkedbrainz,
  title={Linkedbrainz: Providing the musicbrainz next generation schema as linked data},
  author={Jacobson, Kurt and Dixon, Simon and Sandler, Mark},
  booktitle={Demo Session ISMIR},
  year={2010}
}
