@article{nentwig2015survey,
  title={A survey of current link discovery frameworks},
  author={Nentwig, Markus and Hartung, Michael and Ngonga Ngomo, Axel-Cyrille and Rahm, Erhard},
  journal={Semantic Web},
  pages={1--18},
  volume = {8},
  number = {3},
  year={2015},
  publisher={IOS Press}
}

@inproceedings{achichi2016automatic,
  title={Automatic Key Selection for Data Linking},
  author={Achichi, Manel and Ben Ellefi, Mohamed and Symeonidou, Danai and Todorov, Konstantin},
  booktitle={Knowledge Engineering and Knowledge Management: 20th International Conference, EKAW 2016},
  pages={3--18},
  year={2016},
  organization={Springer}
}

@inproceedings{achichi2015doremus,
  author =  {Manel Achichi and Rodolphe Bailly and C{\'e}cile Cecconi and Marie Destandau and Konstantin Todorov and Rapha{\"e}l Troncy},
  title =   {{DOREMUS: Doing Reusable Musical Data}},
  booktitle = {14$^{th}$ International Semantic Web Conference (ISWC)},
  year =    {2015}
}

@inproceedings{choffe2016doremus,
  author =  {Pierre Choff{\'e} and Fran{\c{c}}oise Leresche},
  title =   {{DOREMUS: Connecting Sources, Enriching Catalogues and User Experience}},
  booktitle = {24$^{th}$ IFLA World Library and Information Congress},
  year =    {2016}
}

@inproceedings{jentzsch2010silk,
  author =  {Anja Jentzsch and Robert Isele and Christian Bizer},
  title =   {{Silk: generating RDF links while publishing or consuming linked data}},
  booktitle = {9$^{th}$ International Semantic Web Conference (ISWC)},
  year =    {2010}
}

@inproceedings{ngomo2011limes,
  author    = {Axel{-}Cyrille Ngonga Ngomo and S{\"{o}}ren Auer},
  title     = {{LIMES: A Time-Efficient Approach for Large-Scale Link Discovery on the Web of Data}},
  booktitle = {22$^{nd}$ International Joint Conference on Artificial Intelligence (IJCAI)},
  pages     = {2312--2317},
  year      = {2011}
}

@inproceedings{xml2rdf1,
  author={Davy Van Deursen and Chris Poppe and G{\"a}etan Martens and Erik Mannens and Rik {van de Walle}},
  title={{XML to RDF conversion: a generic approach}},
  booktitle={International Conference on Automated solutions for Cross Media Content and Multi-channel Distribution (AXMEDIS)},
  pages={138--144},
  year={2008},
}

@inproceedings{xml2rdf2,
  author={{Pham Thi Thu} Thuy and Young-Koo Lee and Sungyoung Lee and Byeong-Soo Jeong},
  title={{Transforming valid XML documents into RDF via RDF schema}},
  booktitle={Third International Conference on Next Generation Web Services Practices (NWeSP)},
  pages={35--40},
  year={2007}
}

@inproceedings{xml2rdf3,
  author={Christoph Lange},
  title={{Krextor--an extensible XML? RDF extraction framework}},
  booktitle={5$^{th}$ Workshop on Scripting and Development for the Semantic Web (SFSW)},
  year={2009}
}

@article{xml2rdf4,
  author={Frank Breitling},
  title={{A standard transformation from XML to RDF via XSLT}},
  journal={Astronomische Nachrichten},
  volume={330},
  number={7},
  pages={755--760},
  year={2009},
  publisher={Wiley Online Library}
}

@incollection{todorov,
  author={Konstantin Todorov and Celin{\'e} Hudelot and Peter Geibel},
  title={{Fuzzy and Cross-Lingual Ontology Matching Mediated by Background Knowledge}},
  booktitle={Uncertainty Reasoning for the Semantic Web III},
  pages={142--162},
  year={2014},
  publisher={Springer}
}

@inproceedings{datalift,
  author    = {FranÁois Scharffe and Ghislain Atemezing and RaphaÎl Troncy and Fabien Gandon and Serena Villata and BÈnÈdicte Bucher and FayÁal Hamdi and Laurent Bihanic and Gabriel KÈpÈklian and Franck Cotton and JÈrÙme Euzenat and Zhengjie Fan and Pierre-Yves Vandenbussche and Bernard Vatant},
  title     = {{Enabling linked-data publication with the Datalift Platform}},
  booktitle = {(AAAI) Workshop on Semantic Cities},
  pages     = {25--30},
  year      = {2012}
}

@inproceedings{lisena2016exploring,
  title={{Exploring Linked Classical Music Catalogs with OVERTURE}},
  author={Pasquale Lisena and Manel Achichi and Eva Fernandez and Konstantin Todorov and Rapha{\"e}l Troncy},
  booktitle={15$^{th}$ International Semantic Web Conference (ISWC)},
  year={2016}
}

@article{byrne2010strongest,
  title={{The strongest link: Libraries and linked data}},
  author={Gillian Byrne and Lisa Goddard},
  journal={D-Lib magazine},
  volume={16},
  number={11},
  pages={5},
  year={2010}
}

@inproceedings{raimond2007music,
  title={{The Music Ontology}},
  author={Yves Raimond and {Samer A.} Abdallah and {Mark B.} Sandler and Frederick Giasson},
  booktitle={15$^{th}$ International Conference on Music Information Retrieval (ISMIR)},
  volume={422},
  year={2007},
}

@inproceedings{doerr2008frbroo,
  title={{FRBRoo: a conceptual model for performing arts}},
  author={Martin Doerr and Chryssoula Bekiari and Patrick LeBoeuf},
  booktitle={CIDOC Annual Conference},
  pages={6--18},
  year={2008}
}

@inproceedings{song2009music,
  title={{Music ontology for mood and situation reasoning to support music retrieval and recommendation}},
  author={Seheon Song and Minkoo Kim and Seungmin Rho and Eenjun Hwang},
  booktitle={3$^{rd}$ International Conference on Digital Society (ICDS)},
  pages={304--309},
  year={2009}
}

@article{greenberg2013datos,
  title={{datos.bne.es and MARiMbA: an insight into library linked data}},
  author={{Eva Mendez Rodriguez} Greenberg and Jane {Gema Bueno de la Fuente} and Daniel Vila-Suero and Asunci{\'o}n G{\'o}mez-P{\'e}rez},
  journal={Library hi tech},
  volume={31},
  number={4},
  pages={575--601},
  year={2013}
}

@inproceedings{scharffe2012enabling,
  title={{Enabling linked-data publication with the datalift platform}},
  author={Scharffe, Fran{\c{c}}ois and Atemezing, Ghislain and Troncy, Rapha{\"e}l and Gandon, Fabien and Villata, Serena and Bucher, B{\'e}n{\'e}dicte and Hamdi, Fay{\c{c}}al and Bihanic, Laurent and K{\'e}p{\'e}klian, Gabriel and Cotton, Franck and others},
  booktitle={AAAI workshop on semantic cities},
  year={2012}
}

@article{ostuni2015soundrec,
  author = {{Vito Claudio} Ostuni and Sergio Oramas and Tommaso {Di Noia} and Xavier Serra and Eugenio {Di Sciascio}},
 title = {Sound and Music Recommendation with Knowledge Graphs},
 journal = {ACM Trans. Intell. Syst. Technol. (TIST)},
 issue_date = {January 2017},
 volume = {8},
 number = {2},
 year = {2016},
 issn = {2157-6904},
 pages = {21:1--21:21},
 articleno = {21},
 numpages = {21},
 url = {http://doi.acm.org/10.1145/2926718},
 doi = {10.1145/2926718},
 acmid = {2926718},
 publisher = {ACM},
 address = {New York, NY, USA},
 keywords = {Knowledge graphs, diversity, entity linking, music, novelty, recommender systems},
} 


@phdthesis{celma2009music,
  title={{Music recommendation and discovery in the long tail}},
  author={{\`O}scar Celma},
  year={2009},
  school={Universitat Pompeu Fabra}
}

@inproceedings{van2013deep,
  title={{Deep content-based music recommendation}},
  author={Van den Oord, Aaron and Dieleman, Sander and Schrauwen, Benjamin},
  booktitle={27$^{th}$ Annual Conference on Neural Information Processing Systems (NIPS)},
  pages={2643--2651},
  year={2013}
}

@inproceedings{kaminskas2012knowledge,
  title=    {{Knowledge-based music retrieval for places of interest}},
  author=   {Marius Kaminskas and Ignacio Fern{\'a}ndez-Tob{\'\i}as and Francesco Ricci and  Iv{\'a}n Cantador},
  booktitle={2$^{nd}$ International ACM Workshop on Music information retrieval with user-centered and multimodal strategies},
  pages=    {19--24},
  year=     {2012}
}

@inproceedings{lisena2016mapping,
  title=    {{DOREMUS to Schema.org: Mapping a Complex Vocabulary to a Simpler One}},
  author=   {Pasquale Lisena and Rapha{\"e}l Troncy},
  booktitle={20$^{th}$ International Conference on Knowledge Engineering and Knowledge Management (EKAW)},
  location= {Bologna, Italy},
  year=     {2016}
}

@inproceedings{raimond2008webmusic,
  title=    {{A web of musical information}},
  author=   {Yves Raimond and Mark Brian Sandler},
  booktitle={9$^{th}$ International Conference of the Society for Music Information Retrieval (ISMIR)},
  location= {Philadelphia, PA, USA},
  year=     {2008}
}

@inproceedings{kolozali2011knowledge,
  title={{Knowledge Representation Issues in Musical Instrument Ontology Design}},
  author={Sefki Kolozali and Mathieu Barthet and Gy{\"o}rgy Fazekas and Mark B Sandler},
  booktitle={ISMIR},
  pages={465--470},
  year={2011}
}

@inproceedings{lai2007metadata,
  title={{Metadata Infrastructure for Sound Recordings}},
  author={Catherine Lai and Ichiro Fujinaga and David Descheneau and Michael Frishkopf and Jenn Riley and Joseph Hafner and Brian McMillan},
  booktitle={ISMIR},
  pages={157--158},
  year={2007}
}

@inproceedings{bretherton2009integrating,
  title={{Integrating musicology's heterogeneous data sources for better exploration}},
  author={David Bretherton and Daniel Alexander Smith and Richard Polfreman and Mark Everist and Jeanice Brooks and Joe Lambert and others},
  booktitle={10$^{th}$ International Society for Music Information Retrieval Conference (ISMIR)},
  pages={27--32},
  year={2009},
  organization={International Society for Music Information Retrieval}
}

@article{braunhofer2013location,
  title={Location-aware music recommendation},
  author={Matthias Braunhofer and Marius Kaminskas and Francesco Ricci},
  journal={International Journal of Multimedia Information Retrieval},
  volume={2},
  number={1},
  pages={31--44},
  year={2013},
  publisher={Springer}
}

@inproceedings{rosati2016rdf,
 title={RDF graph embeddings for content-based recommender systems},
 author={Jessica Rosati and Petar Ristoski and Tommaso {Di Noia} and Renato {de Leone} and Heiko Paulheim},
 booktitle={CEUR workshop proceedings},
 volume={1673},
 pages={23--30},
 year={2016},
 organization={RWTH}
}